<?xml version='1.0' encoding='UTF-8'?>
<record xmlns="http://www.loc.gov/MARC21/slim">
  <leader>00662cam a22001811a 4500</leader>
  <controlfield tag="001">2963534</controlfield>
  <controlfield tag="003">NjP</controlfield>
  <controlfield tag="005">20100811085307.0</controlfield>
  <controlfield tag="008">960910s1963    sy            000 0 arard</controlfield>
  <datafield tag="024" ind1="7" ind2=" ">
    <subfield code="a">princeton_aco002574</subfield>
    <subfield code="2">local</subfield>
  </datafield>
  <datafield ind1=" " ind2=" " tag="010">
    <subfield code="a">65000771</subfield>
  </datafield>
  <datafield ind1=" " ind2=" " tag="040">
    <subfield code="a">NjP</subfield>
    <subfield code="c">NjP</subfield>
  </datafield>
  <datafield ind1=" " ind2=" " tag="043">
    <subfield code="a">ma-----</subfield>
  </datafield>
  <datafield ind1="1" ind2=" " tag="100">
    <subfield code="a">Shaṭṭī, Aḥmad Shawkat.</subfield>
  </datafield>
  <datafield ind1="1" ind2="0" tag="245">
    <subfield code="a">Risālah fī taqaddum al-ʻulūm al-ṭibbīyah fī al-bilād al-ʻArabīyah khilāl al-qarnayn al-akhirayn /</subfield>
    <subfield code="c">Aḥmad Shawkat al-Shaṭṭī.</subfield>
  </datafield>
  <datafield ind1=" " ind2=" " tag="260">
    <subfield code="a">Dimashaq :</subfield>
    <subfield code="b">[s.n.],</subfield>
    <subfield code="c">1963.</subfield>
  </datafield>
  <datafield ind1=" " ind2=" " tag="300">
    <subfield code="a">4, 144 p. ;</subfield>
    <subfield code="c">24 cm.</subfield>
  </datafield>
  <datafield ind1=" " ind2="0" tag="650">
    <subfield code="a">Medicine</subfield>
    <subfield code="z">Arab countries.</subfield>
  </datafield>
  <datafield ind1=" " ind2=" " tag="902">
    <subfield code="a">jab</subfield>
    <subfield code="b">r</subfield>
    <subfield code="c">b</subfield>
    <subfield code="d">v</subfield>
    <subfield code="e">20000802</subfield>
    <subfield code="f">0</subfield>
  </datafield>
  <datafield ind1="0" ind2=" " tag="852">
    <subfield code="0">3278614</subfield>
    <subfield code="b">nec</subfield>
    <subfield code="h">R644.A65</subfield>
    <subfield code="i">S538 1963</subfield>
  </datafield>
  <datafield ind1=" " ind2=" " tag="959">
    <subfield code="a">2009-07-01 16:28:04 -0500</subfield>
  </datafield>
</record>
